<record><leader>00000cas a22000007a 4500</leader><controlfield tag="001">9524617</controlfield><controlfield tag="008">830519d18491854ohuwr ne      0   a0eng d</controlfield><datafield ind1=" " ind2=" " tag="010"><subfield code="a">sn 83035172 </subfield></datafield><datafield ind1=" " ind2=" " tag="040"><subfield code="a">NPY</subfield><subfield code="b">eng</subfield><subfield code="c">NPY</subfield><subfield code="d">NPX</subfield><subfield code="d">DLC</subfield><subfield code="d">NPU</subfield><subfield code="d">ONP</subfield><subfield code="d">OCL</subfield><subfield code="d">OCLCQ</subfield><subfield code="d">OCLCF</subfield><subfield code="d">DLC</subfield></datafield><datafield ind1="0" ind2=" " tag="022"><subfield code="a">2372-1456</subfield><subfield code="2">1</subfield></datafield><datafield ind1=" " ind2=" " tag="042"><subfield code="a">msc</subfield><subfield code="a">nsdp</subfield></datafield><datafield ind1=" " ind2=" " tag="043"><subfield code="a">n-us-oh</subfield></datafield><datafield ind1="0" ind2="0" tag="050"><subfield code="a">Newspaper</subfield></datafield><datafield ind1="0" ind2="0" tag="082"><subfield code="a">071</subfield><subfield code="2">23</subfield></datafield><datafield ind1="0" ind2=" " tag="130"><subfield code="a">Ohio union (Ashland, Ohio : 1849)</subfield></datafield><datafield ind1=" " ind2="4" tag="222"><subfield code="a">The Ohio union</subfield><subfield code="b">(Ashland, Ohio. 1849. Print)</subfield></datafield><datafield ind1="1" ind2="4" tag="245"><subfield code="a">The Ohio union.</subfield></datafield><datafield ind1=" " ind2="1" tag="264"><subfield code="a">Ashland, Ohio :</subfield><subfield code="b">H.S. Knapp,</subfield><subfield code="c">-1854.</subfield></datafield><datafield ind1=" " ind2=" " tag="300"><subfield code="a">v.</subfield></datafield><datafield ind1=" " ind2=" " tag="310"><subfield code="a">Weekly</subfield></datafield><datafield ind1="1" ind2=" " tag="362"><subfield code="a">Began in Jan. 1849?</subfield></datafield><datafield ind1="0" ind2=" " tag="362"><subfield code="a">-v. 9, no. 1 (May 24, 1854).</subfield></datafield><datafield ind1=" " ind2=" " tag="500"><subfield code="a">Democratic.</subfield></datafield><datafield ind1=" " ind2=" " tag="530"><subfield code="a">Archived issues are available in digital format from the Library of Congress Chronicling America online collection.</subfield></datafield><datafield ind1=" " ind2=" " tag="588"><subfield code="a">Description based on: Vol. 5, no. 2 (June 5, 1850).</subfield></datafield><datafield ind1=" " ind2="0" tag="651"><subfield code="a">Ashland (Ohio)</subfield><subfield code="v">Newspapers.</subfield></datafield><datafield ind1=" " ind2="7" tag="651"><subfield code="a">Ohio</subfield><subfield code="z">Ashland.</subfield><subfield code="2">fast</subfield><subfield code="0">(OCoLC)fst01222373</subfield></datafield><datafield ind1=" " ind2="7" tag="655"><subfield code="a">Newspapers.</subfield><subfield code="2">fast</subfield><subfield code="0">(OCoLC)fst01423814</subfield></datafield><datafield ind1=" " ind2=" " tag="752"><subfield code="a">United States</subfield><subfield code="b">Ohio</subfield><subfield code="c">Ashland</subfield><subfield code="d">Ashland.</subfield></datafield><datafield ind1="0" ind2="8" tag="776"><subfield code="i">Online version:</subfield><subfield code="t">Ohio union (Ashland, Ohio : 1849 : Online)</subfield><subfield code="x">2372-1464</subfield><subfield code="w">(DLC)  2014218264</subfield></datafield><datafield ind1="0" ind2="4" tag="780"><subfield code="t">Ashland standard</subfield><subfield code="w">(DLC)sn 83035170</subfield></datafield><datafield ind1="0" ind2="4" tag="780"><subfield code="t">Ashland Democrat (Ashland, Ohio)</subfield><subfield code="w">(DLC)sn 83035171</subfield></datafield><datafield ind1="0" ind2="0" tag="785"><subfield code="t">Ashland union</subfield><subfield code="w">(DLC)sn 83035173</subfield></datafield><datafield ind1="4" ind2="1" tag="856"><subfield code="u">http://www.loc.gov/chroniclingamerica/lccn/sn83035172/issues</subfield></datafield></record>